% This file was created with JabRef 2.10b2.
% Encoding: Cp1252


@article{saatchiwilson2017,
  title={Bayesian GAN},
  author={Saatchi, Yunus and Wilson, Andrew Gordon},
  journal={arXiv preprint arXiv:1705.09558},
  year={2017}
}

@article{fortunato2017bayesian,
  title={Bayesian Recurrent Neural Networks},
  author={Fortunato, Meire and Blundell, Charles and Vinyals, Oriol},
  journal={arXiv preprint arXiv:1704.02798},
  year={2017}
}

@article{wilsondkl2015,
  title={Deep Kernel Learning},
  author={Wilson, Andrew Gordon and Hu, Zhiting and Salakhutdinov, Ruslan and Xing, Eric P},
  journal={Artificial Intelligence and Statistics},
   year={2016}
}

@article{hu2017unifying,
  title={On Unifying Deep Generative Models},
  author={Hu, Zhiting and Yang, Zichao and Salakhutdinov, Ruslan and Xing, Eric P},
  journal={arXiv preprint arXiv:1706.00550},
  year={2017}
}

@article{mohamed2016learning,
  title={Learning in implicit generative models},
  author={Mohamed, Shakir and Lakshminarayanan, Balaji},
  journal={arXiv preprint arXiv:1610.03483},
  year={2016}
}

@article{tran2017deep,
  title={Deep and Hierarchical Implicit Models},
  author={Tran, Dustin and Ranganath, Rajesh and Blei, David M},
  journal={arXiv preprint arXiv:1702.08896},
  year={2017}
}

@inproceedings{nowozin2016,
  title={f-gan: Training generative neural samplers using variational divergence minimization},
  author={Nowozin, Sebastian and Cseke, Botond and Tomioka, Ryota},
  booktitle={Advances in Neural Information Processing Systems},
  pages={271--279},
  year={2016}
}

@article{poole2016improved,
  title={Improved generator objectives for GANs},
  author={Poole, Ben and Alemi, Alexander A and Sohl-Dickstein, Jascha and Angelova, Anelia},
  journal={arXiv preprint arXiv:1612.02780},
  year={2016}
}

@article{li2017mmd,
  title={MMD GAN: Towards Deeper Understanding of Moment Matching Network},
  author={Li, Chun-Liang and Chang, Wei-Cheng and Cheng, Yu and Yang, Yiming and P{\'o}czos, Barnab{\'a}s},
  journal={arXiv preprint arXiv:1705.08584},
  year={2017}
}

@article{arjovsky2017wasserstein,
  title={Wasserstein gan},
  author={Arjovsky, Martin and Chintala, Soumith and Bottou, L{\'e}on},
  journal={arXiv preprint arXiv:1701.07875},
  year={2017}
}

@article{wdn2015,
author = {Andrew Gordon Wilson and Christoph Dann and Hannes Nickisch},
title = {Thoughts on Massively Scalable {G}aussian Processes},
journal = {arXiv preprint arXiv:1511.01870},
year = {2015},
note = {\url{https://arxiv.org/abs/1511.01870}}
}

@book{aggarwal2001surprising,
  title={On the surprising behavior of distance metrics in high dimensional space},
  author={Aggarwal, Charu C and Hinneburg, Alexander and Keim, Daniel A},
  year={2001},
  publisher={Springer}
}

@inproceedings{goodfellow2014generative,
  title={Generative adversarial nets},
  author={Goodfellow, Ian and Pouget-Abadie, Jean and Mirza, Mehdi and Xu, Bing and Warde-Farley, David and Ozair, Sherjil and Courville, Aaron and Bengio, Yoshua},
  booktitle={Advances in neural information processing systems},
  pages={2672--2680},
  year={2014}
}



@book{golub2012matrix,
  title={Matrix computations},
  author={Golub, Gene H and Van Loan, Charles F},
  volume={3},
  year={2012},
  publisher={JHU Press}
},


@Article{lawrence2009,
  Title                    = {{Sparse Convolved Multiple Output {G}aussian Processes}},
  Author                   = {{\'A}lvarez, M.A. and Lawrence, N.D.},
  Journal                  = {Arxiv preprint arXiv:0911.5107},
  Year                     = {2009}
}

@Article{abbott1999,
  Title                    = {The effect of correlated variability on the accuracy of a population code},
  Author                   = {Abbott, LF and Dayan, P.},
  Journal                  = {Neural Computation},
  Year                     = {1999},
  Number                   = {1},
  Pages                    = {91--101},
  Volume                   = {11},

  Publisher                = {MIT Press}
}

@Article{abrahamsen1997,
  Title                    = {A review of {G}aussian random fields and correlation functions},
  Author                   = {Abrahamsen, P},
  Journal                  = {Norweigan Computing Center Technical report},
  Year                     = {1997}
}

@Book{abramowitz64,
  Title                    = {{Handbook of mathematical functions with formulas, graphs, and mathematical tables}},
  Author                   = {Abramowitz, M. and Stegun, I.A.},
  Publisher                = {Dover publications},
  Year                     = {1964}
}

@InProceedings{adams2008,
  Title                    = {{G}aussian process product models for nonparametric nonstationarity},
  Author                   = {Adams, R.P. and Stegle, O.},
  Booktitle                = {ICML},
  Year                     = {2008}
}

@InProceedings{adams2010side,
  Title                    = {Incorporating Side Information into Probabilistic Matrix Factorization Using {G}aussian Processes},
  Author                   = {Ryan P. Adams and George E. Dahl and Iain Murray},
  Booktitle                = {Proceedings of the 26th Conference on Uncertainty in Artificial Intelligence},
  Year                     = {2010},
  Editor                   = {Peter Gr{\"u}nwald and Peter Spirtes},
  Pages                    = {1--9}
}

@Article{alvarez2011,
  Title                    = {Computationally Efficient Convolved Multiple Output {G}aussian Processes},
  Author                   = {Alvarez, M.A. and Lawrence, N.D.},
  Journal                  = {JMLR},
  Year                     = {2011},
  Pages                    = {1425--1466},
  Volume                   = {12}
}

@InProceedings{alvarez2008,
  Title                    = {{Sparse convolved {G}aussian processes for multi-output regression}},
  Author                   = {Alvarez, M. and Lawrence, N.},
  Booktitle                = {NIPS},
  Year                     = {2008}
}

@Article{andersen97,
  Title                    = {Intraday periodicity and volatility persistence in financial markets},
  Author                   = {Torben G. Andersen and Tim Bollerslev},
  Journal                  = {Journal of Empirical Finance},
  Year                     = {1997},
  Number                   = {2-3},
  Pages                    = {115--158},
  Volume                   = {4}
}

@Article{andrec1998,
  Title                    = {A Metropolis Monte Carlo implementation of Bayesian time-domain parameter estimation: application to coupling constant estimation from antiphase multiplets},
  Author                   = {Andrec, M. and Prestegard, J.H.},
  Journal                  = {Journal of Magnetic Resonance},
  Year                     = {1998},
  Number                   = {2},
  Pages                    = {217--232},
  Volume                   = {130}
}

@Article{antoniak1974,
  Title                    = {{Mixtures of Dirichlet processes with applications to Bayesian nonparametric problems}},
  Author                   = {Antoniak, C.E.},
  Journal                  = {The annals of statistics},
  Year                     = {1974},
  Number                   = {6},
  Pages                    = {1152--1174},
  Volume                   = {2},

  Publisher                = {JSTOR}
}

@Article{archambeau2011,
  Title                    = {Multiple {G}aussian process models},
  Author                   = {Archambeau, C. and Bach, F.},
  Journal                  = {arXiv preprint arXiv:1110.5238},
  Year                     = {2011}
}

@Article{asai06,
  Title                    = {Multivariate stochastic volatility: a review.},
  Author                   = {Asai, M. and McAleer, M. and Yu, J.},
  Journal                  = {Econometric Reviews},
  Year                     = {2006},
  Number                   = {2},
  Pages                    = {145-175},
  Volume                   = {25}
}

@Book{atkinson2008,
  Title                    = {An introduction to numerical analysis},
  Author                   = {Atkinson, Kendall E},
  Publisher                = {John Wiley \& Sons},
  Year                     = {2008}
}

@Article{bae2003,
  Title                    = {{A new approach to measuring financial contagion}},
  Author                   = {Bae, K.H. and Karolyi, G.A. and Stulz, R.M.},
  Journal                  = {Review of Financial Studies},
  Year                     = {2003},
  Number                   = {3},
  Pages                    = {717},
  Volume                   = {16},

  Publisher                = {Soc Financial Studies}
}

@Book{baker1977numerical,
  Title                    = {The numerical treatment of integral equations},
  Author                   = {Baker, Christopher TH},
  Publisher                = {Clarendon Press},
  Year                     = {1977}
}

@Article{barry1996blackbox,
  Title                    = {Blackbox kriging: spatial prediction without specifying variogram models},
  Author                   = {Barry, R.P. and Jay, M.},
  Journal                  = {Journal of Agricultural, Biological, and Environmental Statistics},
  Year                     = {1996},
  Pages                    = {297--322},

  Publisher                = {JSTOR}
}

@Article{bartlett1933,
  Title                    = {{On the theory of statistical regression}},
  Author                   = {Bartlett, MS},
  Journal                  = {Proceedings of the Royal Society of Edinburgh},
  Year                     = {1933},
  Pages                    = {260--283},
  Volume                   = {53}
}

@Article{berkes2011,
  Title                    = {Spontaneous cortical activity reveals hallmarks of an optimal internal model of the environment},
  Author                   = {Berkes, P. and Orb{\'a}n, G. and Lengyel, M. and Fiser, J.},
  Journal                  = {Science},
  Year                     = {2011},
  Number                   = {6013},
  Pages                    = {83},
  Volume                   = {331},

  Publisher                = {American Association for the Advancement of Science}
}

@Article{berkes2009,
  Title                    = {Characterizing neural dependencies with copula models},
  Author                   = {Berkes, P. and Wood, F. and Pillow, J.},
  Journal                  = {Advances in neural information processing systems},
  Year                     = {2009},
  Pages                    = {129--136},
  Volume                   = {21}
}

@TechReport{bertalmioinpainting,
  Title                    = {Inpainting},
  Author                   = {Bertalmio, Marcelo and Caselles, Vicent and Masnou, Simon and Sapiro, Guillermo},
  Institution              = {Technical report, University of Edinburgh},

}

@Book{bishop1995,
  Title                    = {{Neural networks for pattern recognition}},
  Author                   = {Bishop, C.M.},
  Publisher                = {Oxford university press},
  Year                     = {1995},

  ISBN                     = {0198538642}
}

@Book{bishop06,
  Title                    = {Pattern Recognition and Machine Learning},
  Author                   = {Christopher M. Bishop},
  Publisher                = {Springer},
  Year                     = {2006}
}

@Article{bitmead80superfast,
  Title                    = {Asymptotically fast solutions of {T}oeplitz and related systems of linear equations},
  Author                   = {R. Bitmead and B. Anderson},
  Journal                  = {Linear Algebra and Its Applications},
  Year                     = {1980},
  Pages                    = {103--116},
  Volume                   = {34},

  Owner                    = {300227723},
  Timestamp                = {2015.05.27}
}

@Article{black1973,
  Title                    = {{The pricing of options and corporate liabilities}},
  Author                   = {Black, F. and Scholes, M.},
  Journal                  = {Journal of political economy},
  Year                     = {1973},
  Number                   = {3},
  Volume                   = {81},

  Publisher                = {UChicago Press}
}

@Book{bochner1959lectures,
  Title                    = {Lectures on Fourier Integrals.(AM-42)},
  Author                   = {Bochner, S},
  Publisher                = {Princeton University Press},
  Year                     = {1959},
  Volume                   = {42}
}

@Article{bollerslev1990cc,
  Title                    = {{Modelling the coherence in short-run nominal exchange rates: a multivariate generalized ARCH model}},
  Author                   = {Bollerslev, T.},
  Journal                  = {The Review of Economics and Statistics},
  Year                     = {1990},
  Number                   = {3},
  Pages                    = {498--505},
  Volume                   = {72},

  ISSN                     = {0034-6535},
  Publisher                = {JSTOR}
}

@Article{bollerslev90,
  Title                    = {Modeling the coherence in short-term nominal exchange rates: A multivariate generalized ARCH approach},
  Author                   = {Tim Bollerslev},
  Journal                  = {Review of Economics and Statistics},
  Year                     = {1990},
  Pages                    = {498--505},
  Volume                   = {72}
}

@Article{bollerslev1987,
  Title                    = {{A conditionally heteroskedastic time series model for speculative prices and rates of return}},
  Author                   = {Bollerslev, T.},
  Journal                  = {The review of economics and statistics},
  Year                     = {1987},
  Number                   = {3},
  Pages                    = {542--547},
  Volume                   = {69},

  ISSN                     = {0034-6535},
  Publisher                = {JSTOR}
}

@Article{bollerslev86,
  Title                    = {Generalized Autoregressive Conditional Heteroskedasticity},
  Author                   = {Tim Bollerslev},
  Journal                  = {Journal of Econometrics},
  Year                     = {1986},
  Number                   = {3},
  Pages                    = {307--327},
  Volume                   = {31}
}

@Article{bollerslev88,
  Title                    = {A Capital Asset Pricing Model with Time-Varying Covariances},
  Author                   = {Bollerslev, Tim and Engle, Robert F. and Wooldridge, Jeffrey M.},
  Journal                  = {The Journal of Political Economy},
  Year                     = {1988},
  Number                   = {1},
  Pages                    = {116--131},
  Volume                   = {96},

  Publisher                = {The University of Chicago Press}
}

@Article{bollerslev96,
  Title                    = {Periodic Autoregressive Conditional Heteroscedasticity},
  Author                   = {T. Bollerslev and E. Ghysels},
  Journal                  = {Journal of Business and Economic Statistics},
  Year                     = {1996},
  Pages                    = {139-151},
  Volume                   = {14}
}

@InProceedings{bonilla2008,
  Title                    = {{Multi-task {G}aussian process prediction}},
  Author                   = {Bonilla, E. and Chai, K.M.A. and Williams, C.},
  Booktitle                = {NIPS},
  Year                     = {2008}
}

@InProceedings{boyle2004,
  Title                    = {{Dependent {G}aussian processes}},
  Author                   = {Boyle, P. and Frean, M.},
  Booktitle                = {NIPS},
  Year                     = {2004}
}

@Article{bretthorst1990,
  Title                    = {Bayesian analysis. I. Parameter estimation using quadrature NMR models},
  Author                   = {Bretthorst, G.L.},
  Journal                  = {Journal of Magnetic Resonance (1969)},
  Year                     = {1990},
  Number                   = {3},
  Pages                    = {533--551},
  Volume                   = {88},

  Publisher                = {Elsevier}
}

@Article{brooks2001,
  Title                    = {Benchmarks and the Accuracy of {{GARCH}} Model Estimation},
  Author                   = {C. Brooks and S.P. Burke and G. Persand},
  Journal                  = {International Journal of Forecasting},
  Year                     = {2001},
  Pages                    = {45-56},
  Volume                   = {17}
}

@Misc{engle2009,
  Title                    = {A Practical Guide to Volatility Forecasting through Calm and Storm},

  Author                   = {Christian T. Brownlees and Robert F. Engle and Bryan T. Kelly},
  Note                     = {Available at SSRN: http://ssrn.com/abstract=1502915},
  Year                     = {2009}
}

@Article{bru91,
  Title                    = {Wishart processes},
  Author                   = {Bru, M.F.},
  Journal                  = {Journal of Theoretical Probability},
  Year                     = {1991},
  Number                   = {4},
  Pages                    = {725--751},
  Volume                   = {4},

  Publisher                = {Springer}
}

@Article{cardoso1996,
  Title                    = {The simplex-simulated annealing approach to continuous non-linear optimization},
  Author                   = {Cardoso, M.F. and Salcedo, RL and Feyo de Azevedo, S.},
  Journal                  = {Computers \& chemical engineering},
  Year                     = {1996},
  Number                   = {9},
  Pages                    = {1065--1080},
  Volume                   = {20},

  Publisher                = {Elsevier}
}

@Article{chalupka2013,
  Title                    = {A framework for evaluating approximation methods for {G}aussian process regression},
  Author                   = {Chalupka, Krzysztof and Williams, Christopher KI and Murray, Iain},
  Journal                  = {The Journal of Machine Learning Research},
  Year                     = {2013},
  Number                   = {1},
  Pages                    = {333--350},
  Volume                   = {14}
}

@TechReport{chan95toepCGreview,
  Title                    = {Conjugate Gradient Methods for {T}oeplitz Systems},
  Author                   = {Raymond H. Chan and Michael K. Ng},
  Institution              = {The Australian National University},
  Year                     = {1995},

  Owner                    = {hn},
  Timestamp                = {2015.05.28}
}

@Article{chan88circ-precond,
  Title                    = {An Optimal Circulant Preconditioner for {T}oeplitz Systems},
  Author                   = {Tony F. Chan},
  Journal                  = {SIAM Journal on Scientific and Statistical Computation},
  Year                     = {1988},
  Number                   = {4},
  Pages                    = {766--771},
  Volume                   = {9},

  Owner                    = {hn},
  Timestamp                = {2015.05.28}
}

@Book{chatfield1989,
  Title                    = {Time Series Analysis: An Introduction},
  Author                   = {Chatfield, C.},
  Publisher                = {London: Chapman and Hall},
  Year                     = {1989}
}

@InProceedings{chen2010,
  Title                    = {Dynamical Products of Experts for Modeling Financial Time Series},
  Author                   = {Yutian Chen and Max Welling},
  Booktitle                = {ICML},
  Year                     = {2010},
  Pages                    = {207--214}
}

@Article{chib2006,
  Title                    = {Analysis of high dimensional multivariate stochastic volatility models},
  Author                   = {Chib, S. and Nardari, F. and Shephard, N.},
  Journal                  = {Journal of Econometrics},
  Year                     = {2006},
  Number                   = {2},
  Pages                    = {341--371},
  Volume                   = {134},

  ISSN                     = {0304-4076},
  Publisher                = {Elsevier}
}

@Article{chornoboy1988,
  Title                    = {Maximum likelihood identification of neural point process systems},
  Author                   = {Chornoboy, ES and Schramm, LP and Karr, AF},
  Journal                  = {Biological cybernetics},
  Year                     = {1988},
  Number                   = {4},
  Pages                    = {265--275},
  Volume                   = {59},

  Publisher                = {Springer}
}

@Article{christoffersen2001,
  Title                    = {{Testing and comparing value-at-risk measures}},
  Author                   = {Christoffersen, P. and Hahn, J. and Inoue, A.},
  Journal                  = {Journal of empirical finance},
  Year                     = {2001},
  Number                   = {3},
  Pages                    = {325--342},
  Volume                   = {8},

  ISSN                     = {0927-5398},
  Publisher                = {Elsevier}
}

@Book{cressie1993statistics,
  Title                    = {Statistics for Spatial Data (Wiley Series in Probability and Statistics)},
  Author                   = {Cressie, N.A.C.},
  Publisher                = {Wiley-Interscience},
  Year                     = {1993}
}

@InProceedings{csato2001sparse,
  Title                    = {Sparse representation for {G}aussian process models},
  Author                   = {Csat{\'o}, L. and Opper, M.},
  Booktitle                = {Advances in neural information processing systems},
  Year                     = {2001},
  Organization             = {The MIT Press},
  Pages                    = {444},
  Volume                   = {13}
}

@Article{csato2002,
  Title                    = {Sparse online {G}aussian processes},
  Author                   = {Lehel Csat\'{o} and Manfred Opper},
  Journal                  = {Neural},
  Year                     = {2002},
  Number                   = {3},
  Pages                    = {641--669},
  Volume                   = {14}
}

@inproceedings{gal2014distributed,
  title={Distributed variational inference in sparse {G}aussian process regression and latent variable models},
  author={Gal, Yarin and van der Wilk, Mark and Rasmussen, Carl},
  booktitle={Advances in Neural Information Processing Systems},
  pages={3257--3265},
  year={2014}
}

@InProceedings{cunningham2008fast,
  Title                    = {Fast {G}aussian process methods for point process intensity estimation},
  Author                   = {Cunningham, John P and Shenoy, Krishna V and Sahani, Maneesh},
  Booktitle                = {International Conference on Machine Learning},
  Year                     = {2008}
}

@article{calandra2014manifold,
  title={Manifold {G}aussian Processes for Regression},
  author={Calandra, Roberto and Peters, Jan and Rasmussen, Carl Edward and Deisenroth, Marc Peter},
  journal={arXiv preprint arXiv:1402.5876},
  year={2014}
},

@Article{damianou2013deep,
  Title                    = {Deep {G}aussian Processes},
  Author                   = {Damianou, A.C. and Lawrence, N.D.},
  Journal                  = {Artificial Intelligence and Statistics},
  Year                     = {2013}
}

@Article{dawid1981,
  Title                    = {Some matrix-variate distribution theory: notational considerations and a Bayesian application},
  Author                   = {Dawid, A.P.},
  Journal                  = {Biometrika},
  Year                     = {1981},
  Number                   = {1},
  Pages                    = {265},
  Volume                   = {68},

  Publisher                = {Biometrika Trust}
}

@Article{dawid1973,
  Title                    = {{Posterior expectations for large observations}},
  Author                   = {Dawid, A.P.},
  Journal                  = {Biometrika},
  Year                     = {1973},
  Number                   = {3},
  Pages                    = {664},
  Volume                   = {60},

  ISSN                     = {0006-3444},
  Publisher                = {Biometrika Trust}
}

@Conference{finetti1956,
  Title                    = {{The Bayesian approach to the rejection of outliers}},
  Author                   = {De Finetti, B.},
  Booktitle                = {Proceedings of the Fourth Berkeley Symposium on Mathematical Statistics and Probability: held at the Statistical Laboratory, University of California, June 30-July 30, l960},
  Year                     = {1956},
  Organization             = {University of California Press},
  Pages                    = {199}
}

@Article{deheuvals78,
  Title                    = {Caract\'{e}isation compl\`{e}te des lois extr\^{e}mes multivari\'{e}s et de la convergence des types extr\^{e}mes},
  Author                   = {P Deheuvels},
  Journal                  = {Publications de l'Institut de Statistique de l'Universit\'{e} de Paris},
  Year                     = {1978},
  Pages                    = {1-36},
  Volume                   = {23}
}

@Article{dietrich97toepgpsim,
  Title                    = {Fast and exact simulation of stationary {G}aussian processes through circulant embedding of the covariance matrix},
  Author                   = {C. Dietrich and G. Newsam},
  Journal                  = {SIAM Journal of Scientific Computation},
  Year                     = {1997},
  Pages                    = {1088--1107},
  Volume                   = {18},

  Owner                    = {hn},
  Timestamp                = {2015.05.15}
}

@Article{duane87,
  Title                    = {Hybrid monte carlo},
  Author                   = {Duane, AD. and Kennedy, A. and Pendleton, B. and Roweth, D.},
  Journal                  = {Physics letters B},
  Year                     = {1987},
  Number                   = {2},
  Pages                    = {216--222},
  Volume                   = {195},

  Publisher                = {Elsevier}
}

@Article{durbin60fitting,
  Title                    = {The fitting of time series models},
  Author                   = {J. Durbin},
  Journal                  = {Review of the International Statistical Institute},
  Year                     = {1960},
  Pages                    = {233--243},
  Volume                   = {28},

  Owner                    = {hn},
  Timestamp                = {2015.05.26}
}

@Article{durrande2011,
  Title                    = {Additive Kernels for {G}aussian Process Modeling},
  Author                   = {Durrande, N. and Ginsbourger, D. and Roustant, O.},
  Journal                  = {arXiv preprint arXiv:1103.4023},
  Year                     = {2011}
}

@InProceedings{gpss2013,
  Title                    = {Structure discovery in nonparametric regression through compositional kernel search},
  Author                   = {Duvenaud, D. and Lloyd, J.R. and Grosse, R. and Tenenbaum, J.B. and Ghahramani, Z.},
  Booktitle                = {International Conference on Machine Learning},
  Year                     = {2013}
}

@InProceedings{lloyd2014,
  title         = "Automatic Construction and {Natural-Language} Description of
                   Nonparametric Regression Models",
  author        = {Lloyd, James Robert and Duvenaud, David and Grosse, Roger
                   and Tenenbaum, Joshua B. and Ghahramani, Zoubin},
  booktitle     = "Association for the Advancement of Artificial Intelligence
                   (AAAI)",
  year          = 2014
}

@Article{elidan2010copula,
  Title                    = {Copula bayesian networks},
  Author                   = {Elidan, G.},
  Journal                  = {Advances in Neural Information Processing Systems},
  Year                     = {2010},
  Volume                   = {24}
}

@InProceedings{Embrechts,
  Title                    = {Correlation And Dependence In Risk Management: Properties And Pitfalls},
  Author                   = {Paul Embrechts and Alexander McNeil and Daniel Straumann},
  Booktitle                = {Risk Management: Value at risk and beyond},
  Year                     = {1999},
  Pages                    = {176--223},
  Publisher                = {Cambridge University Press}
}

@Article{engle1990asset,
  Title                    = {{Asset pricing with a factor-arch covariance structure:: Empirical estimates for treasury bills}},
  Author                   = {Engle, R, and Victor, K.},
  Journal                  = {Journal of Econometrics},
  Year                     = {1990},
  Number                   = {1-2},
  Pages                    = {213--237},
  Volume                   = {45},

  ISSN                     = {0304-4076},
  Publisher                = {Elsevier}
}

@Article{engle2002dcc,
  Title                    = {{Dynamic conditional correlation}},
  Author                   = {Engle, R.},
  Journal                  = {Journal of Business and Economic Statistics},
  Year                     = {2002},
  Number                   = {3},
  Pages                    = {339--350},
  Volume                   = {20},

  ISSN                     = {0735-0015},
  Publisher                = {ASA}
}

@Article{engle2002new,
  Title                    = {{New frontiers for ARCH models}},
  Author                   = {Engle, R.},
  Journal                  = {Journal of Applied Econometrics},
  Year                     = {2002},
  Number                   = {5},
  Pages                    = {425--446},
  Volume                   = {17},

  ISSN                     = {1099-1255},
  Publisher                = {Wiley Online Library}
}

@Article{engle1986power,
  Title                    = {{Modelling the persistence of conditional variances}},
  Author                   = {Engle, R. and Bollerslev, T.},
  Journal                  = {Econometric reviews},
  Year                     = {1986},
  Number                   = {1},
  Pages                    = {1--50},
  Volume                   = {5},

  Publisher                = {Taylor and Francis Journals}
}

@Article{engle1995,
  Title                    = {{Multivariate simultaneous generalized ARCH}},
  Author                   = {Engle, R.F. and Kroner, K.F.},
  Journal                  = {Econometric theory},
  Year                     = {1995},
  Number                   = {01},
  Pages                    = {122--150},
  Volume                   = {11},

  Publisher                = {Cambridge Univ Press}
}

@Article{engle1987estimate,
  Title                    = {{Estimating time varying risk premia in the term structure: The ARCH-M model}},
  Author                   = {Engle, R.F. and Lilien, D.M. and Robins, R.P.},
  Journal                  = {Econometrica},
  Year                     = {1987},
  Number                   = {2},
  Pages                    = {391--407},
  Volume                   = {55},

  ISSN                     = {0012-9682},
  Publisher                = {JSTOR}
}

@Article{engle94,
  Title                    = {ARCH models},
  Author                   = {Engle, R. and Nelson, D. and Bollerslev, T.},
  Journal                  = {Handbook of Econometrics},
  Year                     = {1994},
  Pages                    = {2959--3038},
  Volume                   = {4},

  Publisher                = {North-Holland}
}

@Article{engle90,
  Title                    = {{Asset pricing with a factor-arch covariance structure:: Empirical estimates for treasury bills}},
  Author                   = {Engle, R. and Victor, K. and Rothschild, M.},
  Journal                  = {Journal of Econometrics},
  Year                     = {1990},
  Number                   = {1-2},
  Pages                    = {213--237},
  Volume                   = {45},

  Publisher                = {Elsevier}
}

@Article{engle82,
  Title                    = {Autoregressive Conditional Heteroscedasticity with Estimates of the Variance of United Kingdom Inflation},
  Author                   = {Robert F Engle},
  Journal                  = {Econometrica},
  Year                     = {1982},
  Number                   = {4},
  Pages                    = {987--1007},
  Volume                   = {50}
}

@Article{ferguson1973,
  Title                    = {{A Bayesian analysis of some nonparametric problems}},
  Author                   = {Ferguson, T.S.},
  Journal                  = {The annals of statistics},
  Year                     = {1973},
  Number                   = {2},
  Pages                    = {209--230},
  Volume                   = {1},

  Publisher                = {JSTOR}
}

@Article{fiedler84hankelLoewner,
  Title                    = {{H}ankel and {L}oewner matrices},
  Author                   = {M. Fiedler},
  Journal                  = {Linear Algebra and Its Applications},
  Year                     = {1984},
  Pages                    = {75--95},
  Volume                   = {58},

  Owner                    = {300227723},
  Timestamp                = {2015.05.27}
}

@Article{fox2011bayesian,
  Title                    = {Bayesian Nonparametric Covariance Regression},
  Author                   = {Fox, E. and Dunson, D.},
  Journal                  = {Arxiv preprint arXiv:1101.2017},
  Year                     = {2011}
}

@Article{french87,
  Title                    = {{Expected stock returns and volatility}},
  Author                   = {French, K.R. and Schwert, G.W. and Stambaugh, R.F.},
  Journal                  = {Journal of Financial Economics},
  Year                     = {1987},
  Pages                    = {3-30},
  Volume                   = {19}
}

@InProceedings{friedman2000{G}aussian,
  Title                    = {{G}aussian process networks},
  Author                   = {Friedman, N. and Nachman, I.},
  Booktitle                = {UAI},
  Year                     = {2000},
  Pages                    = {211--219}
}

@Article{fuentes07missingValGridGP,
  Title                    = {Approximate Likelihood for Large Irregularly Spaced Spatial Data},
  Author                   = {Montserrat Fuentes},
  Journal                  = {Journal of the American Statistical Association},
  Year                     = {2007},
  Pages                    = {321--331},
  Volume                   = {102},

  Owner                    = {hn},
  Timestamp                = {2015.05.18}
}

@Article{gonen2011,
  Title                    = {Multiple kernel learning algorithms},
  Author                   = {G{\"o}nen, M. and Alpayd{\i}n, E.},
  Journal                  = {Journal of Machine Learning Research},
  Year                     = {2011},
  Pages                    = {2211--2268},
  Volume                   = {12}
}

@Article{gelfand2004,
  Title                    = {{Nonstationary multivariate process modeling through spatially varying coregionalization}},
  Author                   = {Gelfand, A.E. and Schmidt, A.M. and Banerjee, S. and Sirmans, CF},
  Journal                  = {Test},
  Year                     = {2004},
  Number                   = {2},
  Pages                    = {263--312},
  Volume                   = {13},

  ISSN                     = {1133-0686},
  Publisher                = {Springer}
}

@Article{geman1984,
  Title                    = {{Stochastic relaxation, {G}ibbs distributions, and the bayesian restoration of images}},
  Author                   = {Geman, S. and Geman, D},
  Journal                  = {IEEE Transactions on Pattern Analysis and Machine Intelligence},
  Year                     = {1984},
  Number                   = {2},
  Pages                    = {721--741},
  Volume                   = {6}
}

@Article{gerwinn2008bayesian,
  Title                    = {Bayesian inference for spiking neuron models with a sparsity prior},
  Author                   = {Gerwinn, S. and Macke, J. and Seeger, M. and Bethge, M.},
  Journal                  = {Advances in neural information processing systems},
  Year                     = {2008},
  Pages                    = {529--536},
  Volume                   = {20}
}

@Article{geweke1993,
  Title                    = {{Bayesian treatment of the independent Student-t linear model}},
  Author                   = {Geweke, J.},
  Journal                  = {Journal of Applied Econometrics},
  Year                     = {1993},
  Number                   = {S1},
  Pages                    = {S19--S40},
  Volume                   = {8},

  ISSN                     = {1099-1255},
  Publisher                = {John Wiley \& Sons}
}

@Article{ghahramani2012,
  Title                    = {Bayesian Nonparametrics and the Probabilistic Approach to Modelling},
  Author                   = {Z Ghahramani},
  Journal                  = {Philosophical Transactions of the Royal Society A},
  Year                     = {2012}
}

@Article{ghahramani01,
  Title                    = {Propagation algorithms for variational Bayesian learning},
  Author                   = {Ghahramani, Z. and Beal, M.J.},
  Journal                  = {Advances in neural information processing systems},
  Year                     = {2001},
  Pages                    = {507--513}
}

@PhdThesis{gibbs97,
  Title                    = {Bayesian {G}aussian Process for Regression and Classification},
  Author                   = {Mark Gibbs},
  School                   = {Dept. of Physics, University of Cambridge},
  Year                     = {1997}
}

@Book{gikhman2004,
  Title                    = {The Theory of Stochastic Processes},
  Author                   = {Gikhman, I.I. and Skorokhod, A.V.},
  Publisher                = {Springer Verlag},
  Year                     = {2004},
  Volume                   = {2}
}

@InProceedings{goldberg98,
  Title                    = {Regression with Input-Dependent Noise: A {G}aussian process Treatment},
  Author                   = {Paul W. Goldberg and Christopher K.I. Williams and Christopher M. Bishop},
  Booktitle                = {NIPS},
  Year                     = {1998}
}

@Book{goovaerts1997,
  Title                    = {Geostatistics for natural resources evaluation},
  Author                   = {Goovaerts, P.},
  Publisher                = {Oxford University Press, USA},
  Year                     = {1997}
}

@Book{gourieroux97,
  Title                    = {{ARCH models and financial applications}},
  Author                   = {Gouri{\'e}roux, C.},
  Publisher                = {Springer Verlag},
  Year                     = {1997}
}

@Article{gourieroux09,
  Title                    = {{The Wishart autoregressive process of multivariate stochastic volatility}},
  Author                   = {Gouri{\'e}roux, C. and Jasiak, J. and Sufana, R.},
  Journal                  = {Journal of Econometrics},
  Year                     = {2009},
  Number                   = {2},
  Pages                    = {167--181},
  Volume                   = {150},

  Publisher                = {Elsevier}
}

@Book{granger78,
  Title                    = {An Introduction to Bilinear Time-Series Models},
  Author                   = {C.W.J. Granger and A. Andersen},
  Publisher                = {Vandenhoeck and Ruprecht},
  Year                     = {1978}
}

@Article{gray05toepcirc,
  Title                    = {Toeplitz and circulant matrices: A review},
  Author                   = {Robert M. Gray},
  Journal                  = {Communications and Information Theory},
  Year                     = {2005},
  Number                   = {3},
  Pages                    = {155--239},
  Volume                   = {2.},

  Owner                    = {hn},
  Timestamp                = {2015.05.15}
}

@Article{green1995,
  Title                    = {{Reversible jump Markov chain Monte Carlo computation and Bayesian model determination}},
  Author                   = {Green, P.J.},
  Journal                  = {Biometrika},
  Year                     = {1995},
  Number                   = {4},
  Pages                    = {711},
  Volume                   = {82},

  Publisher                = {Biometrika Trust}
}

@Article{guillemot2014image,
  Title                    = {Image inpainting: Overview and recent advances},
  Author                   = {Guillemot, Christine and Le Meur, Olivier},
  Journal                  = {Signal Processing Magazine, IEEE},
  Year                     = {2014},
  Number                   = {1},
  Pages                    = {127--144},
  Volume                   = {31},

  Publisher                = {IEEE}
}

@Article{guinness14circEmbedInference,
  Title                    = {Circulant embedding of approximate covariances for inference from {G}aussian data on large lattices},
  Author                   = {Joseph Guinness and Montserrat Fuentes},
  Journal                  = {under review},
  Year                     = {2014},

  Owner                    = {hn},
  Timestamp                = {2015.05.10}
}

@Book{hormander1990,
  Title                    = {The Analysis of Linear Partial Differential Operators I, Distribution Theory and Fourier Analysis},
  Author                   = {H\"{o}rmander, L},
  Publisher                = {Springer-Verlag},
  Year                     = {1990}
}

@Article{hansen05,
  Title                    = {A Forecast Comparison of Volatility Models: Does Anything Beat a {{GARCH}}(1,1)},
  Author                   = {Peter Reinhard Hansen and Asger Lunde},
  Journal                  = {Journal of Applied Econometrics},
  Year                     = {2005},
  Number                   = {7},
  Pages                    = {873--889},
  Volume                   = {20}
}

@Article{statpop2012,
  Title                    = {What are the odds that stats would be this popular?},
  Author                   = {Quentin Hardy},
  Journal                  = {New York Times},
  Year                     = {2012},
  Note                     = {Accessed January 2015, \url{http://bits.blogs.nytimes.com/2012/01/26/what-are-the-odds-that-stats-would-get-this-popular/}}
}

@Article{harvey94,
  Title                    = {Multivariate Stochastic Variance Models},
  Author                   = {Harvey, Andrew and Ruiz, Esther and Shephard, Neil},
  Journal                  = {The Review of Economic Studies},
  Year                     = {1994},
  Number                   = {2},
  Pages                    = {247-264},
  Volume                   = {61}
}

@Article{hays2008scene,
  Title                    = {Scene completion using millions of photographs},
  Author                   = {Hays, J and Efros, A},
  Journal                  = {Communications of the ACM},
  Year                     = {2008},
  Number                   = {10},
  Pages                    = {87--94},
  Volume                   = {51},

  Publisher                = {ACM}
}

@InProceedings{he2011single,
  Title                    = {Single image super-resolution using {G}aussian process regression},
  Author                   = {He, He and Siu, Wan-Chi},
  Booktitle                = {Computer Vision and Pattern Recognition (CVPR)},
  Year                     = {2011},
  Organization             = {IEEE},
  Pages                    = {449--456}
}

@Article{helgason14circ_smoothing,
  Title                    = {Smoothing Windows for the Synthesis of {G}aussian Stationary Random Fields Using Circulant Matrix Embedding},
  Author                   = {Hannes Helgason and Vladas Pipiras and Patrice Abry},
  Journal                  = {Journal of Computational and Graphical Statistics},
  Year                     = {2014},
  Number                   = {3},
  Pages                    = {616--635},
  Volume                   = {23},

  Owner                    = {hn},
  Timestamp                = {2015.05.10}
}

@article{nickson2015blitzkriging,
  title={Blitzkriging: Kronecker-structured Stochastic {G}aussian Processes},
  author={Nickson, Thomas and Gunter, Tom and Lloyd, Chris and Osborne, Michael A and Roberts, Stephen},
  journal={arXiv preprint arXiv:1510.07965},
  year={2015}
}



@InProceedings{hensman2013uai,
  Title                    = {{G}aussian processes for big data},
  Author                   = {J Hensman and N Fusi and N.D. Lawrence},
  Booktitle                = {Uncertainty in Artificial Intelligence ({UAI})},
  Year                     = {2013},
  Publisher                = {{AUAI} {P}ress}
}

@inProceedings{deisenroth2015distributed,
  title={Distributed {G}aussian Processes},
  author={Deisenroth, Marc Peter and Ng, Jun Wei},
  Booktitle = {International Conference on Machine Learning},
  year={2015}
},



@Article{hestenes1952,
  Title                    = {Methods of Conjugate Gradients for Solving Linear Systems},
  Author                   = {Hestenes, M.R. and Stiefel, E.},
  Journal                  = {Journal of Research of the National Bureau of Standards},
  Year                     = {1952},
  Volume                   = {49},

  Issue                    = {6}
}

@Article{hotelling33,
  Title                    = {Analysis of a complex of statistical variables into principal components},
  Author                   = {Hotelling, H.},
  Journal                  = {Journal of educational psychology},
  Year                     = {1933},
  Number                   = {6},
  Pages                    = {417--441},
  Volume                   = {24}
}

@Article{hyndman2005,
  Title                    = {Time Series Data Library},
  Author                   = {Hyndman, R.J.},
  Year                     = {2005},
  Note                     = {\url{http://www-personal.buseco.monash.edu.au/~hyndman/TSDL/}}
}

@InProceedings{jaimungal09,
  Title                    = {Kernel-based {C}opula Processes},
  Author                   = {Sebastian Jaimungal and Eddie K.H. Ng},
  Booktitle                = {ECML PKDD},
  Year                     = {2009}
}

@Article{joarder1996,
  Title                    = {{Estimation of the characteristic roots of the scale matrix}},
  Author                   = {Joarder, A.H. and Ahmed, SE},
  Journal                  = {Metrika},
  Year                     = {1996},
  Number                   = {1},
  Pages                    = {259--267},
  Volume                   = {44},

  ISSN                     = {0026-1335},
  Publisher                = {Springer}
}

@Article{joarder1997,
  Title                    = {{Estimation of the scale matrix of a multivariate t-model under entropy loss}},
  Author                   = {Joarder, A.H. and Ali, M.M.},
  Journal                  = {Metrika},
  Year                     = {1997},
  Number                   = {1},
  Pages                    = {21--32},
  Volume                   = {46},

  ISSN                     = {0026-1335},
  Publisher                = {Springer}
}

@Book{jolliffe02,
  Title                    = {Principal component analysis},
  Author                   = {Jolliffe, I.T.},
  Publisher                = {Springer verlag},
  Year                     = {2002}
}

@Article{jordan1999introduction,
  Title                    = {An introduction to variational methods for graphical models},
  Author                   = {Jordan, M.I. and Ghahramani, Z. and Jaakkola, T.S. and Saul, L.K.},
  Journal                  = {Machine learning},
  Year                     = {1999},
  Number                   = {2},
  Pages                    = {183--233},
  Volume                   = {37},

  Publisher                = {Springer}
}

@Book{journel1978,
  Title                    = {Mining geostatistics},
  Author                   = {Journel, AG. and Huijbregts, CJ.},
  Publisher                = {Academic Press (London and New York)},
  Year                     = {1978}
}

@Article{kamm00BTTBkron,
  Title                    = {Optimal {K}ronecker product approximations of block {T}oeplitz matrices},
  Author                   = {J. Kamm and J. G. Nagy},
  Journal                  = {SIAM Journal on Matrix Analysis and Applications},
  Year                     = {2000},
  Number                   = {1},
  Pages                    = {155--172},
  Volume                   = {22},

  Owner                    = {300227723},
  Timestamp                = {2015.05.27}
}

@Article{karolyi1995,
  Title                    = {{A multivariate GARCH model of international transmissions of stock returns and volatility: The case of the United States and Canada}},
  Author                   = {Karolyi, G.A.},
  Journal                  = {Journal of Business \& Economic Statistics},
  Year                     = {1995},
  Number                   = {1},
  Pages                    = {11--25},
  Volume                   = {13},

  ISSN                     = {0735-0015},
  Publisher                = {JSTOR}
}

@Article{keeling2004,
  Title                    = {Atmospheric {CO2} Records from Sites in the {SIO} Air Sampling Network},
  Author                   = {Keeling, C. D. and Whorf, T. P.},
  Journal                  = {Trends: A Compendium of Data on Global Change. Carbon Dioxide Information Analysis Center},
  Year                     = {2004}
}

@Article{kelejian1985,
  Title                    = {{Independent or uncorrelated disturbances in linear regression* 1:: An illustration of the difference}},
  Author                   = {Kelejian, H.H. and Prucha, I.R.},
  Journal                  = {Economics Letters},
  Year                     = {1985},
  Number                   = {1},
  Pages                    = {35--38},
  Volume                   = {19},

  ISSN                     = {0165-1765},
  Publisher                = {Elsevier}
}

@InProceedings{kersting2007,
  Title                    = {Most likely heteroscedastic {G}aussian process regression},
  Author                   = {Kersting, K. and Plagemann, C. and Pfaff, P. and Burgard, W.},
  Booktitle                = {ICML},
  Year                     = {2007}
}

@Article{keys1981,
  Title                    = {Cubic convolution interpolation for digital image processing},
  Author                   = {Robert G. Keys},
  Journal                  = {IEEE Transactions on Acoustics, Speech and Signal Processing},
  Year                     = {1981},
  Number                   = {6},
  Pages                    = {1153--1160},
  Volume                   = {29}
}

@Article{kimeldorf82,
  Title                    = {Uniform representations of bivariate distributions},
  Author                   = {G Kimeldorf and A Sampson},
  Journal                  = {Communications in Statistics},
  Year                     = {1982},
  Pages                    = {617-627},
  Volume                   = {4}
}

@InProceedings{kirshner2007,
  Title                    = {Learning with tree-averaged densities and distributions},
  Author                   = {Kirshner, S.},
  Booktitle                = {Neural Information Processing Systems (NIPS)},
  Year                     = {2007},
  Organization             = {Citeseer}
}

@Article{kolmogorov41,
  Title                    = {Interpolation und Extrapolation von station\"{a}ren zuf\"{a}ligen folgen.},
  Author                   = {A.N. Kolmogorov},
  Journal                  = {Izv. Akad. Nauk SSSR},
  Year                     = {1941},
  Pages                    = {3--14},
  Volume                   = {5}
}

@Article{kostantinos2000,
  Title                    = {{G}aussian Mixtures and Their Applications to Signal Processing},
  Author                   = {Kostantinos, N},
  Journal                  = {Advanced Signal Processing Handbook},
  Year                     = {2000},

  Publisher                = {CRC}
}

@Book{kotz2004,
  Title                    = {{Multivariate t distributions and their applications}},
  Author                   = {Kotz, S. and Nadarajah, S.},
  Publisher                = {Cambridge University Press},
  Year                     = {2004},

  ISBN                     = {0521826543}
}

@InProceedings{alex2012,
  Title                    = {ImageNet Classification with Deep Convolutional Neural Networks},
  Author                   = {A. Krizhevsky and I Sutskever and G. Hinton},
  Booktitle                = {Advances in Neural Information Processing Systems},
  Year                     = {2012}
}

@Article{kroner1991,
  Title                    = {{Optimal dynamic hedging portfolios and the currency composition of external debt}},
  Author                   = {Kroner, K.F. and Claessens, S.},
  Journal                  = {Journal of International Money and Finance},
  Year                     = {1991},
  Number                   = {1},
  Pages                    = {131--148},
  Volume                   = {10},

  ISSN                     = {0261-5606},
  Publisher                = {Elsevier}
}

@Article{kuss2005,
  Title                    = {{Assessing approximate inference for binary {G}aussian process classification}},
  Author                   = {Kuss, M. and Rasmussen, C.E.},
  Journal                  = {The Journal of Machine Learning Research},
  Year                     = {2005},
  Pages                    = {1679--1704},
  Volume                   = {6},

  ISSN                     = {1532-4435},
  Publisher                = {MIT Press}
}

@inproceedings{titsias2009variational,
  title={Variational learning of inducing variables in sparse {G}aussian processes},
  author={Titsias, Michalis K},
  booktitle={International Conference on Artificial Intelligence and Statistics},
  pages={567--574},
  year={2009}
}


@Article{lazaro2010sparse,
  Title                    = {Sparse spectrum {G}aussian process regression},
  Author                   = {L{\'a}zaro-Gredilla, M. and Qui{\~n}onero-Candela, J. and Rasmussen, C.E. and Figueiras-Vidal, A.R.},
  Journal                  = {The Journal of Machine Learning Research},
  Year                     = {2010},
  Pages                    = {1865--1881},
  Volume                   = {11},
  Publisher                = {JMLR}
}

@InProceedings{lazaro2011,
  Title                    = {Variational Heteroscedastic {G}aussian Process Regression},
  Author                   = {L{\'a}zaro-Gredilla, M. and Titsias, M.K.},
  Booktitle                = {ICML},
  Year                     = {2011}
}

@Article{lauritzen81,
  Title                    = {Time series analysis in 1880, a discussion of contributions made by T.N. Thiele},
  Author                   = {S. L. Lauritzen},
  Journal                  = {ISI Review},
  Year                     = {1981},
  Pages                    = {319-333},
  Volume                   = {41}
}

@InProceedings{le2013fastfood,
  Title                    = {Fastfood-Computing {H}ilbert Space Expansions in loglinear time},
  Author                   = {Le, Q. and Sarlos, T. and Smola, A.},
  Booktitle                = {Proceedings of the 30th International Conference on Machine Learning},
  Year                     = {2013},
  Pages                    = {244--252}
}

@Article{levinson47toepinv,
  Title                    = {The {W}iener {RMS} error criterion in filter design and prediction},
  Author                   = {Norman Levinson},
  Journal                  = {Journal of Mathematical Physics},
  Year                     = {1947},
  Pages                    = {261--278},
  Volume                   = {25},

  Owner                    = {hn},
  Timestamp                = {2015.05.26}
}

@Article{li00,
  Title                    = {On default correlation: A copula function approach},
  Author                   = {David X. Li},
  Journal                  = {Journal of Fixed Income},
  Year                     = {2000},
  Number                   = {4},
  Pages                    = {43-54},
  Volume                   = {9}
}

@Conference{lieberman09asymptotictheory,
  Title                    = {Asymptotic Theory for Maximum Likelihood Estimation in Stationary Fractional {G}aussian Processes, Under Short-, Long- and Intermediate Memory},
  Author                   = {Offer Lieberman and Roy Rosemarin and Judith Rousseau},
  Booktitle                = {Econometric Society European Meeting},
  Year                     = {2009},

  Owner                    = {hn},
  Timestamp                = {2015.05.30}
}

@TechReport{liu2007,
  Title                    = {Using {G}aussian process regression to denoise images and remove artifacts from microarray data},
  Author                   = {P. J. Liu},
  Institution              = {Master's Thesis, University of Toronto},
  Year                     = {2007}
}

@TechReport{LuMayLiuGaretal14,
  Title                    = {How to Scale Up Kernel Methods to Be As Good As Deep Neural Nets},
  Author                   = {Lu, Z. and May, M. and Liu, K. and Garakani, A.B. and Guo D. and Bellet, A. and Fan, L. and Collins, M. and Kingsbury, B. and Picheny, M. and Sha, F.},
  Institution              = {arXiv},
  Year                     = {2014},
  Month                    = Nov,
  Note                     = {{\small\url{http://arxiv.org/abs/1411.4000}}},
  Number                   = {1411.4000}
}

@InProceedings{luo2013fast,
  Title                    = {Fast Near-{GRID} {G}aussian Process Regression},
  Author                   = {Luo, Yuancheng and Duraiswami, Ramani},
  Booktitle                = {Proceedings of the Sixteenth International Conference on Artificial Intelligence and Statistics},
  Year                     = {2013},
  Pages                    = {424--432}
}

@InProceedings{luttinen2012efficient,
  Title                    = {Efficient {G}aussian Process Inference for Short-Scale Spatio-Temporal Modeling},
  Author                   = {Luttinen, J and Ilin, A},
  Booktitle                = {International Conference on Artificial Intelligence and Statistics},
  Year                     = {2012},
  Pages                    = {741--750}
}

@Conference{maceachern99,
  Title                    = {{Dependent nonparametric processes}},
  Author                   = {MacEachern, S.N.},
  Booktitle                = {Proceedings of the Section on Bayesian Statistical Science},
  Year                     = {1999},
  Pages                    = {50--55}
}

@Article{mackay1994,
  Title                    = {Bayesian nonlinear modeling for the prediction competition},
  Author                   = {MacKay, D.J.C},
  Journal                  = {Ashrae Transactions},
  Year                     = {1994},
  Number                   = {2},
  Pages                    = {1053--1062},
  Volume                   = {100}
}

@Article{mackay1992,
  Title                    = {Bayesian Interpolation},
  Author                   = {MacKay, D.J.C},
  Journal                  = {Neural Computation},
  Year                     = {1992},
  Number                   = {3},
  Pages                    = {415--447},
  Volume                   = {4}
}

@Article{mackay1994automatic,
  Title                    = {Automatic relevance determination for neural networks},
  Author                   = {MacKay, DJC and Neal, R.M.},
  Journal                  = {Technical report},
  Year                     = {1994}
}

@InCollection{mackay98,
  Title                    = {Introduction to {G}aussian Processes},
  Author                   = {David J.C. MacKay},
  Booktitle                = {Neural Networks and Machine Learning},
  Publisher                = {Springer-Verlag},
  Year                     = {1998},
  Chapter                  = {11},
  Editor                   = {Christopher M. Bishop},
  Pages                    = {133-165}
}

@Article{macke2009generating,
  Title                    = {Generating spike trains with specified correlation coefficients},
  Author                   = {Macke, J.H. and Berens, P. and Ecker, A.S. and Tolias, A.S. and Bethge, M.},
  Journal                  = {Neural Computation},
  Year                     = {2009},
  Number                   = {2},
  Pages                    = {397--423},
  Volume                   = {21}
}

@Article{markowitz1952,
  Title                    = {{Portfolio selection}},
  Author                   = {Markowitz, H.M.},
  Journal                  = {Journal of Finance},
  Year                     = {1952},
  Number                   = {1},
  Pages                    = {77--91},
  Volume                   = {7}
}

@Article{martinsson05toepinv,
  Title                    = {A fast algorithm for the inversion of general {T}oeplitz matrices},
  Author                   = {P. Martinsson and V. Rokhlin and M. Tygert},
  Journal                  = {Computers and Mathematics with Applications},
  Year                     = {2005},
  Pages                    = {741--750},
  Volume                   = {50},

  Owner                    = {300227723},
  Timestamp                = {2015.05.27}
}

@Misc{econtoolbox,
  Title                    = {Matlab {E}conometrics {T}oolbox},

  Author                   = {Mathworks},
  Note                     = {Documentation available at: http://www.mathworks.com/access/helpdesk/help/toolbox/econ/}
}

@Article{maynard1999,
  Title                    = {Neuronal interactions improve cortical population coding of movement direction},
  Author                   = {Maynard, EM and Hatsopoulos, NG and Ojakangas, CL and Acuna, BD and Sanes, JN and Normann, RA and Donoghue, JP},
  Journal                  = {The journal of Neuroscience},
  Year                     = {1999},
  Number                   = {18},
  Pages                    = {8083--8093},
  Volume                   = {19},

  Publisher                = {Society for Neuroscience}
}

@Article{mcculloch1943,
  Title                    = {A logical calculus of the ideas immanent in nervous activity},
  Author                   = {McCulloch, W.S. and Pitts, W.},
  Journal                  = {Bulletin of mathematical biology},
  Year                     = {1943},
  Number                   = {4},
  Pages                    = {115--133},
  Volume                   = {5},

  Publisher                = {Springer}
}

@Article{mccullough98,
  Title                    = {Benchmarks and Software Standards: A Case Study of {{GARCH}} Procedures},
  Author                   = {B.D. McCullough and C.G. Renfro},
  Journal                  = {Journal of Economic and Social Measurement},
  Year                     = {1998},
  Pages                    = {59-71},
  Volume                   = {25}
}

@Article{merton1972,
  Title                    = {{An analytic derivation of the efficient portfolio frontier}},
  Author                   = {Merton, R.C.},
  Journal                  = {Journal of financial and quantitative analysis},
  Year                     = {1972},
  Number                   = {4},
  Pages                    = {1851--1872},
  Volume                   = {7},

  Publisher                = {Cambridge University Press}
}

@InProceedings{minka01,
  Title                    = {Expectation propagation for approximate Bayesian inference},
  Author                   = {Minka, T.P.},
  Booktitle                = {Uncertainty in Artificial Intelligence},
  Year                     = {2001},
  Pages                    = {362--369},
  Volume                   = {17}
}

@Misc{InferNET10,
  Title                    = {{Infer.NET 2.4}},

  Author                   = {Minka, T. P. and Winn, J. M. and Guiver, J. P. and Knowles, D. A.},
  Note                     = {Microsoft Research Cambridge. http://research.microsoft.com/infernet},
  Year                     = {2010}
}

@Conference{morf80toepinv,
  Title                    = {Doubling algorithms for {T}oeplitz and related equations},
  Author                   = {M. Morf},
  Booktitle                = {Proceedings of the IEEE International Conference on Acoustics, Speech, and Signal Processing},
  Year                     = {1980},

  Owner                    = {300227723},
  Timestamp                = {2015.05.27}
}

@Article{murray10hyper,
  Title                    = {{Slice sampling covariance hyperparameters of latent {G}aussian models}},
  Author                   = {Murray, I. and Adams, R.P.},
  Journal                  = {Arxiv preprint arXiv:1006.0868},
  Year                     = {2010}
}

@InProceedings{murray-adams-2010a,
  Title                    = {Slice sampling covariance hyperparameters in latent {G}aussian models},
  Author                   = {I. Murray and R.P. Adams},
  Booktitle                = {Advances in Neural Information Processing Systems},
  Year                     = {2010}
}

@Article{murray10,
  Title                    = {Elliptical {S}lice {S}ampling},
  Author                   = {Iain Murray and Ryan Prescott Adams and David J.C. MacKay},
  Journal                  = {JMLR: W\&CP},
  Year                     = {2010},
  Pages                    = {541--548},
  Volume                   = {9}
}

@TechReport{musicus84levinsonCholesky,
  Title                    = {{L}evinson and fast {C}holesky algorithms for {T}oeplitz and almost {T}oeplitz matrices},
  Author                   = {B. Musicus},
  Institution              = {MIT},
  Year                     = {1984},

  Owner                    = {300227723},
  Timestamp                = {2015.05.27}
}

@InProceedings{naish2007,
  Title                    = {The generalized FITC approximation},
  Author                   = {Naish-Guzman, A and Holden, S},
  Booktitle                = {Advances in Neural Information Processing Systems},
  Year                     = {2007},
  Pages                    = {1057--1064}
}

@Misc{neal2010{MCMC},
  Title                    = {{{MCMC} using Hamiltonian dynamics}},

  Author                   = {Neal, R.M.},
  Year                     = {2010},

  Publisher                = {Handbook of Markov Chain Monte Carlo (ed. S. Brooks, A. Gelman, G. Jones, XL Meng). Chapman \& Hall/CRC Press}
}

@Article{neal2003,
  Title                    = {{Slice sampling}},
  Author                   = {Neal, R.M.},
  Journal                  = {The annals of statistics},
  Year                     = {2003},
  Number                   = {3},
  Pages                    = {705--741},
  Volume                   = {31},

  ISSN                     = {0090-5364},
  Publisher                = {JSTOR}
}

@Article{neal2000,
  Title                    = {{Markov chain sampling methods for Dirichlet process mixture models}},
  Author                   = {Neal, R.M.},
  Journal                  = {Journal of computational and graphical statistics},
  Year                     = {2000},
  Number                   = {2},
  Pages                    = {249--265},
  Volume                   = {9},

  Publisher                = {JSTOR}
}

@Article{neal1997,
  Title                    = {{Monte Carlo implementation of {G}aussian process models for Bayesian regression and classification}},
  Author                   = {Neal, R.M.},
  Journal                  = {Arxiv preprint physics/9701026},
  Year                     = {1997}
}

@Book{neal1996,
  Title                    = {{Bayesian Learning for Neural Networks}},
  Author                   = {Neal, R.M.},
  Publisher                = {Springer Verlag},
  Year                     = {1996},

  ISBN                     = {0387947248}
}

@Article{nelder1965,
  Title                    = {A simplex method for function minimization},
  Author                   = {Nelder, J.A. and Mead, R.},
  Journal                  = {The computer journal},
  Year                     = {1965},
  Number                   = {4},
  Pages                    = {308--313},
  Volume                   = {7},

  Publisher                = {Br Computer Soc}
}

@Book{nelsen06,
  Title                    = {An Introduction to Copulas},
  Author                   = {Roger B. Nelsen},
  Publisher                = {Springer Series in Statistics},
  Year                     = {2006},
  Edition                  = {Second}
}

@Article{nelson1991,
  Title                    = {{Conditional heteroskedasticity in asset returns: A new approach}},
  Author                   = {Nelson, D.B.},
  Journal                  = {Econometrica},
  Year                     = {1991},
  Number                   = {2},
  Pages                    = {347--370},
  Volume                   = {59},

  ISSN                     = {0012-9682},
  Publisher                = {JSTOR}
}

@PhdThesis{ng2010,
  Title                    = {Kernel-based Copula Processes},
  Author                   = {Eddie K.H. Ng},
  School                   = {Dept. of Electrical and Computer Engineering, University of Toronto},
  Year                     = {2010}
}

@PhdThesis{dimitris05,
  Title                    = {Parametric and Bayesian non-parametric estimation of copulas},
  Author                   = {Dimitris Nicoloutsopoulos},
  School                   = {Department of Statistical Science, University College London},
  Year                     = {2005}
}

@Article{noh1994,
  Title                    = {{Forecasting volatility and option prices of the S\&P 500 index}},
  Author                   = {Noh, J. and Engle, R.F. and Kane, A.},
  Journal                  = {The Journal of Derivatives},
  Year                     = {1994},
  Number                   = {1},
  Pages                    = {17--30},
  Volume                   = {2},

  ISSN                     = {1074-1240},
  Publisher                = {Institutional Investor Journals}
}

@Article{ohagan1979,
  Title                    = {{On outlier rejection phenomena in Bayes inference}},
  Author                   = {O'Hagan, A.},
  Journal                  = {Journal of the Royal Statistical Society. Series B (Methodological)},
  Year                     = {1979},
  Pages                    = {358--367},

  ISSN                     = {0035-9246},
  Publisher                = {JSTOR}
}

@Article{ohagan78,
  Title                    = {Curve fitting and optimal design for prediction},
  Author                   = {Anthony O'Hagan},
  Journal                  = {Journal of the Royal Statistical Society},
  Year                     = {1978},
  Number                   = {40},
  Pages                    = {1--42},
  Volume                   = {B}
}

@Article{okatan2005analyzing,
  Title                    = {Analyzing functional connectivity using a network likelihood model of ensemble neural spiking activity},
  Author                   = {Okatan, M. and Wilson, M.A. and Brown, E.N.},
  Journal                  = {Neural computation},
  Year                     = {2005},
  Number                   = {9},
  Pages                    = {1927--1961},
  Volume                   = {17},

  Publisher                = {MIT Press}
}

@Article{olshevsky06ToepTensor,
  Title                    = {Tensor properties of multilevel {T}oeplitz and related matrices},
  Author                   = {Vadim Olshevsky and Ivan Oseledets and Eugene Tyrtyshnikov},
  Journal                  = {Linear Algebra and its Applications},
  Year                     = {2006},
  Number                   = {1},
  Pages                    = {1--21},
  Volume                   = {412},

  Owner                    = {300227723},
  Timestamp                = {2015.05.27}
}

@InProceedings{osborne2008,
  Title                    = {Towards real-time information processing of sensor network data using computationally efficient multi-output {G}aussian processes},
  Author                   = {Osborne, M.A. and Roberts, SJ and Rogers, A. and Ramchurn, SD and Jennings, N.R.},
  Booktitle                = {Proceedings of the 7th international conference on Information processing in sensor networks},
  Year                     = {2008},
  Organization             = {IEEE Computer Society},
  Pages                    = {109--120}
}

@Conference{papandreou11diaginv,
  Title                    = {Efficient Variational Inference in Large-Scale {B}ayesian Compressed Sensing},
  Author                   = {George Papandreou and Alan L. Yuille},
  Booktitle                = {Proc. IEEE Workshop on Information Theory in Computer Vision and Pattern Recognition (in conjunction with ICCV-11)},
  Year                     = {2011},
  Pages                    = {1332--1339},

  Owner                    = {300227723},
  Timestamp                = {2015.09.18}
}

@Article{pearson1901,
  Title                    = {LIII. On lines and planes of closest fit to systems of points in space},
  Author                   = {Pearson, K.},
  Journal                  = {Philosophical Magazine Series 6},
  Year                     = {1901},
  Number                   = {11},
  Pages                    = {559--572},
  Volume                   = {2},

  Publisher                = {Taylor \& Francis}
}

@Article{philipov06,
  Title                    = {{Multivariate stochastic volatility via Wishart processes}},
  Author                   = {Philipov, A. and Glickman, M.E.},
  Journal                  = {Journal of Business and Economic Statistics},
  Year                     = {2006},
  Number                   = {3},
  Pages                    = {313--328},
  Volume                   = {24},

  Publisher                = {ASA}
}

@Article{pillow2008spatio,
  Title                    = {Spatio-temporal correlations and visual signalling in a complete neuronal population},
  Author                   = {Pillow, J.W. and Shlens, J. and Paninski, L. and Sher, A. and Litke, A.M. and Chichilnisky, EJ and Simoncelli, E.P.},
  Journal                  = {Nature},
  Year                     = {2008},
  Number                   = {7207},
  Pages                    = {995--999},
  Volume                   = {454}
}

@Article{pinker2012molecular,
  Title                    = {Molecular imaging of cancer: MR spectroscopy and beyond},
  Author                   = {Pinker, K. and Stadlbauer, A. and Bogner, W. and Gruber, S. and Helbich, TH},
  Journal                  = {European journal of radiology},
  Year                     = {2012},
  Number                   = {3},
  Pages                    = {566--577},
  Volume                   = {81},

  Publisher                = {Elsevier}
}

@Article{granger05,
  Title                    = {Practical Issues in Forecasting Volatility},
  Author                   = {Ser-Huang Poon and Clive W.J. Granger},
  Journal                  = {Financial Analysts Journal},
  Year                     = {2005},
  Number                   = {1},
  Pages                    = {45--56},
  Volume                   = {61}
}

@Article{pouget1998,
  Title                    = {Statistically efficient estimation using population coding},
  Author                   = {Pouget, A. and Zhang, K. and Deneve, S. and Latham, P.E.},
  Journal                  = {Neural Computation},
  Year                     = {1998},
  Number                   = {2},
  Pages                    = {373--401},
  Volume                   = {10},

  Publisher                = {MIT Press}
}

@article{hoffman2013stochastic,
  title={Stochastic variational inference},
  author={Hoffman, Matthew D and Blei, David M and Wang, Chong and Paisley, John},
  journal={The Journal of Machine Learning Research},
  volume={14},
  number={1},
  pages={1303--1347},
  year={2013},
  publisher={JMLR. org}
}

@Article{quinonero2005unifying,
  Title                    = {A unifying view of sparse approximate {G}aussian process regression},
  Author                   = {Qui{\~n}onero-Candela, J. and Rasmussen, C.E.},
  Journal                  = {The Journal of Machine Learning Research},
  Year                     = {2005},
  Pages                    = {1939--1959},
  Volume                   = {6},

  Publisher                = {MIT Press}
}

@Article{candela2005,
  Title                    = {A Unifying View of Sparse Approximate {G}aussian Process Regression},
  Author                   = {Joaquin Qui{\~n}onero-Candela and Carl Edward Rasmussen},
  Journal                  = {Journal of Machine Learning Research (JMLR)},
  Year                     = {2005},
  Pages                    = {1939--1959},
  Volume                   = {6}
}

@Article{quinonero2007,
  Title                    = {Approximation methods for {G}aussian process regression},
  Author                   = {Quinonero-Candela, Joaquin and Rasmussen, Carl Edward and Williams, Christopher KI},
  Journal                  = {Large-scale kernel machines},
  Year                     = {2007},
  Pages                    = {203--223},

  Publisher                = {MIT Press}
}

@InProceedings{Rahimi07,
  Title                    = {Random features for large-scale kernel machines},
  Author                   = {A Rahimi and B Recht},
  Booktitle                = {Neural Information Processing Systems},
  Year                     = {2007}
}

@InProceedings{rasmussen2002infinite,
  Title                    = {Infinite mixtures of {G}aussian process experts},
  Author                   = {Rasmussen, C.E. and Ghahramani, Z.},
  Booktitle                = {Advances in neural information processing systems 14: proceedings of the 2002 conference},
  Year                     = {2002},
  Organization             = {MIT Press},
  Pages                    = {881},
  Volume                   = {2}
}

@InProceedings{rasmussen00,
  Title                    = {The {I}nfinite {G}aussian {M}ixture {M}odel},
  Author                   = {Carl Edward Rasmussen},
  Booktitle                = {NIPS},
  Year                     = {2000}
}

@PhdThesis{rasmussenphd96,
  Title                    = {Evaluation of {G}aussian Processes and Other Methods for Non-linear Regression},
  Author                   = {Carl Edward Rasmussen},
  School                   = {University of Toronto},
  Year                     = {1996}
}

@InProceedings{rasmussen01,
  Title                    = {Occam's Razor},
  Author                   = {Carl Edward Rasmussen and Zoubin Ghahramani},
  Booktitle                = {Neural Information Processing Systems (NIPS)},
  Year                     = {2001}
}

@Article{rasmussen10gpml,
  Title                    = {{G}aussian Processes for Machine Learning {(GPML)} Toolbox},
  Author                   = {Carl Edward Rasmussen and Hannes Nickisch},
  Journal                  = {Journal of Machine Learning Research (JMLR)},
  Year                     = {2010},

  Month                    = {Nov},
  Pages                    = {3011--3015},
  Volume                   = {11},

  Owner                    = {hn},
  Timestamp                = {2015.01.21}
}

@Book{rasmussen06,
  Title                    = {{G}aussian processes for Machine Learning},
  Author                   = {C. E. Rasmussen and C. K. I. Williams},
  Publisher                = {The {MIT} {P}ress},
  Year                     = {2006}
}

@Book{robert2004,
  Title                    = {{Monte Carlo statistical methods}},
  Author                   = {Robert, C.P. and Casella, G.},
  Publisher                = {Springer Verlag},
  Year                     = {2004}
}

@Article{rodriguez2010,
  Title                    = {{Latent stick-breaking processes}},
  Author                   = {Rodr{\'\i}guez, A. and Dunson, D.B. and Gelfand, A.E.},
  Journal                  = {Journal of the American Statistical Association},
  Year                     = {2010},
  Number                   = {490},
  Pages                    = {647--659},
  Volume                   = {105},

  Publisher                = {ASA}
}

@Book{rosenblatt1962,
  Title                    = {Principles of Neurodynamics},
  Author                   = {Rosenblatt, F.},
  Publisher                = {Spartan Book},
  Year                     = {1962}
}

@Article{rosenblatt1958,
  Title                    = {The perceptron: a probabilistic model for information storage and organization in the brain.},
  Author                   = {Rosenblatt, F.},
  Journal                  = {Psychological review},
  Year                     = {1958},
  Number                   = {6},
  Pages                    = {386},
  Volume                   = {65},

  Publisher                = {American Psychological Association}
}

@Article{roweis1998,
  Title                    = {EM algorithms for PCA and SPCA},
  Author                   = {Roweis, S.},
  Journal                  = {Advances in neural information processing systems},
  Year                     = {1998},
  Pages                    = {626--632}
}

@Article{rubtsov2007,
  Title                    = {Time-domain Bayesian detection and estimation of noisy damped sinusoidal signals applied to NMR spectroscopy},
  Author                   = {Rubtsov, D.V. and Griffin, J.L.},
  Journal                  = {Journal of Magnetic Resonance},
  Year                     = {2007},
  Number                   = {2},
  Pages                    = {367--379},
  Volume                   = {188},

  Publisher                = {Elsevier}
}

@article{vivarelli1998discovering,
  title={Discovering hidden features with {G}aussian processes regression},
  author={Vivarelli, Francesco and Williams, Christopher KI},
  journal={Advances in Neural Information Processing Systems},
  pages={613--619},
  year={1998}
}



@Article{rumelhart1986learning,
  Title                    = {Learning representations by back-propagating errors},
  Author                   = {Rumelhart, D.E. and Hinton, G.E. and Williams, R.J.},
  Journal                  = {Nature},
  Year                     = {1986},
  Number                   = {6088},
  Pages                    = {533-536},
  Volume                   = {323}
}

@PhdThesis{saatchi11,
  Title                    = {Scalable Inference for Structured {G}aussian Process Models},
  Author                   = {Yunus Saatchi},
  School                   = {University of Cambridge},
  Year                     = {2011}
}

@Article{salakhutdinov2008,
  Title                    = {Using deep belief nets to learn covariance kernels for {G}aussian processes},
  Author                   = {Salakhutdinov, R. and Hinton, G.},
  Journal                  = {Advances in {N}eural {I}nformation {P}rocessing {S}ystems},
  Year                     = {2008},
  Pages                    = {1249--1256},
  Volume                   = {20}
}

@Article{schmidt2003bayesian,
  Title                    = {Bayesian inference for non-stationary spatial covariance structure via spatial deformations},
  Author                   = {Schmidt, A.M. and O'Hagan, A.},
  Journal                  = {Journal of the Royal Statistical Society: Series B (Statistical Methodology)},
  Year                     = {2003},
  Number                   = {3},
  Pages                    = {743--758},
  Volume                   = {65},

  Publisher                = {Wiley Online Library}
}

@Article{schneidman2006weak,
  Title                    = {Weak pairwise correlations imply strongly correlated network states in a neural population},
  Author                   = {Schneidman, E. and Berry, M.J. and Segev, R. and Bialek, W.},
  Journal                  = {Nature},
  Year                     = {2006},
  Number                   = {7087},
  Pages                    = {1007--1012},
  Volume                   = {440}
}

@PhdThesis{seeger2005thesis,
  Title                    = {Bayesian {G}aussian process models: PAC-Bayesian generalisation error bounds and sparse approximations},
  Author                   = {Matthias Seeger},
  School                   = {University of Edinburgh},
  Year                     = {2005}
}

@InProceedings{seeger2003fast,
  Title                    = {Fast forward selection to speed up sparse {G}aussian process regression},
  Author                   = {Seeger, M. and Williams, C.K.I. and Lawrence, N.D.},
  Booktitle                = {Workshop on AI and Statistics},
  Year                     = {2003},
  Pages                    = {2003},
  Volume                   = {9}
}

@InProceedings{ShaWilGha14,
  Title                    = {Student-t Processes as Alternatives to {G}aussian Processes},
  Author                   = {Shah, Amar and Wilson, Andrew Gordon and Ghahramani, Zoubin},
  Booktitle                = {International Conference on Artificial Intelligence and Statistics},
  Year                     = {2014}
}

@Article{sharpe1966,
  Title                    = {{Mutual fund performance}},
  Author                   = {Sharpe, W.F.},
  Journal                  = {Journal of business},
  Year                     = {1966},
  Number                   = {1},
  Pages                    = {119--138},
  Volume                   = {39},

  Publisher                = {JSTOR}
}

@Conference{shepard1968,
  Title                    = {A two-dimensional interpolation function for irregularly-spaced data},
  Author                   = {Donald Shepard},
  Booktitle                = {Proceedings of the 1968 ACM National Conference},
  Year                     = {1968},
  Pages                    = {517--524}
}

@Article{shlens2006structure,
  Title                    = {The structure of multi-neuron firing patterns in primate retina},
  Author                   = {Shlens, J. and Field, G.D. and Gauthier, J.L. and Grivich, M.I. and Petarusca, D. and Sher, A. and Litke, A.M. and Chichilnisky, EJ},
  Journal                  = {The Journal of Neuroscience},
  Year                     = {2006},
  Number                   = {32},
  Pages                    = {8254--8266},
  Volume                   = {26}
}

@Book{shumway06,
  Title                    = {Time Series Analysis and Its Applications},
  Author                   = {Robert H. Shumway and David S. Stoffer},
  Publisher                = {Springer Science and Business Media, LLC},
  Year                     = {2006},
  Edition                  = {Second}
}

@Article{sibtain2007clinical,
  Title                    = {The clinical value of proton magnetic resonance spectroscopy in adult brain tumours.},
  Author                   = {Sibtain, NA and Howe, FA and Saunders, DE and others},
  Journal                  = {Clinical radiology},
  Year                     = {2007},
  Number                   = {2},
  Pages                    = {109},
  Volume                   = {62}
}

@InProceedings{silva2009{MCMC},
  Title                    = {{MCMC} methods for Bayesian mixtures of copulas},
  Author                   = {Silva, R. and Gramacy, R.B.},
  Year                     = {2009},
  Organization             = {AISTATS}
}

@Article{anna09,
  Title                    = {Multivariate {GARCH} models},
  Author                   = {Silvennoinen, A. and Ter{\"a}svirta, T.},
  Journal                  = {Handbook of Financial Time Series},
  Year                     = {2009},
  Pages                    = {201--229},

  Publisher                = {Springer}
}

@Article{silverman1985,
  Title                    = {Some aspects of the spline smoothing approach to non-parametric regression curve fitting},
  Author                   = {Bernhard W. Silverman},
  Journal                  = {Journal of the Royal Statistical SocietyB},
  Year                     = {1985},
  Number                   = {1},
  Pages                    = {1--52},
  Volume                   = {47}
}

@Article{sklar73,
  Title                    = {Random Variables, Joint Distribution Functions and Copulas},
  Author                   = {A Sklar},
  Journal                  = {Kybernetika},
  Year                     = {1973},
  Pages                    = {449-460},
  Volume                   = {9}
}

@Article{sklar59,
  Title                    = {Fonctions de r\'{e}partition \`{a} n dimensions et leurs marges},
  Author                   = {Abe Sklar},
  Journal                  = {Publ. Inst. Statist. Univ. Paris},
  Year                     = {1959},
  Pages                    = {229--231},
  Volume                   = {8}
}

@InProceedings{smola2001sparse,
  Title                    = {Sparse greedy {G}aussian process regression},
  Author                   = {Smola, Alex J and Bartlett, Peter},
  Booktitle                = {Advances in Neural Information Processing Systems 13},
  Year                     = {2001}
}



@InProceedings{snelson2006sparse,
  Title                    = {Sparse {G}aussian processes using pseudo-inputs},
  Author                   = {Edward Snelson and Zoubin Ghahramani},
  Booktitle                = {Advances in neural information processing systems (NIPS)},
  Year                     = {2006},
  Pages                    = {1257},
  Publisher                = {MIT Press},
  Volume                   = {18}
}

@InProceedings{snelson03,
  Title                    = {Warped {G}aussian {P}rocesses},
  Author                   = {E Snelson and C.E. Rasmussen and Z. Ghahramani},
  Booktitle                = {NIPS},
  Year                     = {2003}
}

@Book{stein1999,
  Title                    = {Interpolation of Spatial Data: Some Theory for Kriging},
  Author                   = {Stein, M.L.},
  Publisher                = {Springer Verlag},
  Year                     = {1999}
}

@Article{stein02cutoff-embed,
  Title                    = {Fast and exact simulation of fractional {B}rownian surfaces},
  Author                   = {Michael L. Stein},
  Journal                  = {Journal of Computational and Graphical Statistics},
  Year                     = {2002},
  Number                   = {3},
  Pages                    = {587--599},
  Volume                   = {11},

  Owner                    = {hn},
  Timestamp                = {2015.05.30}
}

@Article{steyvers2006,
  Title                    = {Probabilistic inference in human semantic memory},
  Author                   = {Steyvers, M. and Griffiths, T.L. and Dennis, S.},
  Journal                  = {Trends in Cognitive Sciences},
  Year                     = {2006},
  Number                   = {7},
  Pages                    = {327--334},
  Volume                   = {10},

  Publisher                = {Elsevier}
}

@InProceedings{storkey99truncCov,
  Title                    = {Truncated Covariance Matrices and {T}oeplitz Methods in {G}aussian Processes},
  Author                   = {Amos Storkey},
  Booktitle                = {ICANN},
  Year                     = {1999},

  Owner                    = {300227723},
  Timestamp                = {2015.05.27}
}

@Article{strang86circ-precond,
  Title                    = {A proposal for {T}oeplitz matrix calculations},
  Author                   = {Gilbert Strang},
  Journal                  = {Studies in Applied Mathematics},
  Year                     = {1986},
  Number                   = {2},
  Pages                    = {171--176},
  Volume                   = {74},

  Owner                    = {hn},
  Timestamp                = {2015.05.28}
}

@Article{stroud14circEmbedInference,
  Title                    = {Bayesian and Maximum Likelihood Estimation for {{G}aussian} Processes on an Incomplete Lattice},
  Author                   = {Jonathan R. Stroud and Michael L. Stein and Shaun Lysen},
  Journal                  = {preprint},
  Year                     = {2014},

  Owner                    = {hn},
  Timestamp                = {2015.05.10}
}

@Article{sutradhar1989,
  Title                    = {{A generalization of the Wishart distribution for the elliptical model and its moments for the multivariate t model}},
  Author                   = {Sutradhar, B.C. and Ali, M.M.},
  Journal                  = {Journal of Multivariate Analysis},
  Year                     = {1989},
  Number                   = {1},
  Pages                    = {155--162},
  Volume                   = {29},

  ISSN                     = {0047-259X},
  Publisher                = {Elsevier}
}

@Article{sutradhar1986,
  Title                    = {{Estimation of the parameters of a regression model with a multivariate t error variable}},
  Author                   = {Sutradhar, B.C. and Ali, M.M.},
  Journal                  = {Communications in Statistics-Theory and Methods},
  Year                     = {1986},
  Number                   = {2},
  Pages                    = {429--450},
  Volume                   = {15},

  ISSN                     = {0361-0926},
  Publisher                = {Taylor \& Francis}
}

@Book{taylor1986,
  Title                    = {{Modelling financial time series}},
  Author                   = {Taylor, S.J.},
  Publisher                = {World Scientific Pub Co Inc},
  Year                     = {1986}
}

@Conference{teh2005,
  Title                    = {{Semiparametric latent factor models}},
  Author                   = {Teh, Y.W. and Seeger, M. and Jordan, M.I.},
  Booktitle                = {AISTATS},
  Year                     = {2005}
}

@Article{tenenbaum2011,
  Title                    = {How to grow a mind: Statistics, structure, and abstraction},
  Author                   = {Tenenbaum, J.B. and Kemp, C. and Griffiths, T.L. and Goodman, N.D.},
  Journal                  = {Science},
  Year                     = {2011},
  Number                   = {6022},
  Pages                    = {1279--1285},
  Volume                   = {331},

  Publisher                = {American Association for the Advancement of Science}
}

@Article{tipping2004,
  Title                    = {Bayesian inference: An introduction to principles and practice in machine learning},
  Author                   = {Tipping, M.},
  Journal                  = {Advanced {L}ectures on {M}achine {L}earning},
  Year                     = {2004},
  Pages                    = {41--62}
}

@Article{titsias2010,
  Title                    = {{Bayesian {G}aussian process latent variable model}},
  Author                   = {Titsias, M. and Lawrence, N.},
  Year                     = {2010}
}

@Article{tomancak2002,
  Title                    = {Systematic determination of patterns of gene expression during Drosophila embryogenesis},
  Author                   = {Tomancak, P. and Beaton, A. and Weiszmann, R. and Kwan, E. and Shu, S. and Lewis, S.E. and Richards, S. and Ashburner, M. and Hartenstein, V. and Celniker, S.E. and others},
  Journal                  = {Genome Biol},
  Year                     = {2002},
  Number                   = {12},
  Pages                    = {0081--0088},
  Volume                   = {3}
}

@Article{trench64toepinv,
  Title                    = {An algorithm for the inversion of finite {T}oeplitz matrices},
  Author                   = {W. Trench},
  Journal                  = {Journal of the Society for Industrial and Applied Mathematics},
  Year                     = {1964},
  Pages                    = {512--522},
  Volume                   = {12},

  Owner                    = {hn},
  Timestamp                = {2015.05.26}
}

@Article{truccolo2005point,
  Title                    = {A point process framework for relating neural spiking activity to spiking history, neural ensemble, and extrinsic covariate effects},
  Author                   = {Truccolo, W. and Eden, U.T. and Fellows, M.R. and Donoghue, J.P. and Brown, E.N.},
  Journal                  = {Journal of Neurophysiology},
  Year                     = {2005},
  Number                   = {2},
  Pages                    = {1074--1089},
  Volume                   = {93},

  Publisher                = {Am Physiological Soc}
}

@Book{tsay02,
  Title                    = {Analysis of Financial Time Series},
  Author                   = {Ruey S. Tsay},
  Publisher                = {John Wiley \& Sons},
  Year                     = {2002}
}

@Article{turner2008,
  Title                    = {Modeling natural sounds with modulation cascade processes},
  Author                   = {Turner, R. and Sahani, M.},
  Journal                  = {Advances in neural information processing systems},
  Year                     = {2008},
  Volume                   = {21}
}

@PhdThesis{turner10,
  Title                    = {Statistical Models for Natural Sounds},
  Author                   = {Richard E Turner},
  School                   = {University College London},
  Year                     = {2010}
}

@PhdThesis{snelson07,
  Title = {Flexible and efficient {G}aussian process models for machine learning},
  Author = {Snelson, E.},
  School = {University College London},
  Year = {2007}
  }

@Article{tyrtyshnikov92circ-precond,
  Title                    = {Optimal and Superoptimal Circulant Preconditioners},
  Author                   = {E. Tyrtyshnikov},
  Journal                  = {SIAM Journal on Matrix Analysis and Applications},
  Year                     = {1992},
  Number                   = {2},
  Pages                    = {459--473},
  Volume                   = {13},

  Owner                    = {hn},
  Timestamp                = {2015.05.30}
}

@Article{uhlenbeck30,
  Title                    = {On the Theory of Brownian Motion},
  Author                   = {G.E. Uhlenback and L.S. Ornstein},
  Journal                  = {Phys. Rev.},
  Year                     = {1930},
  Pages                    = {823--841},
  Volume                   = {36}
}

@Article{mark2014,
  Title                    = {Variational inference for latent variable modelling of correlation structure},
  Author                   = {Van der Wilk, M., and Wilson, A. G., and Rasmussen, C. E.},
  Journal                  = {NIPS Workshop on Advances in Variational Inference},
  Year                     = {2014}
}

@InProceedings{vanhatalo09,
  Title                    = {{G}aussian Process Regression with {S}tudent-t likelihood},
  Author                   = {Jarno Vanhatalo and Pasi Jylanki and Aki Vehtari},
  Booktitle                = {NIPS},
  Year                     = {2009}
}

@Article{ver1998constructing,
  Title                    = {Constructing and fitting models for cokriging and multivariable spatial prediction},
  Author                   = {Ver Hoef, J.M. and Barry, R.P.},
  Journal                  = {Journal of Statistical Planning and Inference},
  Year                     = {1998},
  Number                   = {2},
  Pages                    = {275--294},
  Volume                   = {69},

  Publisher                = {Elsevier}
}

@Book{wackernagel2003multivariate,
  Title                    = {Multivariate geostatistics: an introduction with applications},
  Author                   = {Wackernagel, H.},
  Publisher                = {Springer Verlag},
  Year                     = {2003}
}

@Article{west2013,
  Title                    = {{Big Data Needs a Big Theory to Go with It}},
  Author                   = {West, G.},
  Journal                  = {Scientific American},
  Year                     = {2013},

  Month                    = {May}
}

@Article{west1984,
  Title                    = {{Outlier models and prior distributions in Bayesian linear regression}},
  Author                   = {West, M.},
  Journal                  = {Journal of the Royal Statistical Society. Series B (Methodological)},
  Year                     = {1984},
  Number                   = {3},
  Pages                    = {431--439},
  Volume                   = {46},

  ISSN                     = {0035-9246},
  Publisher                = {JSTOR}
}

@Article{whittle54planeStatProcess,
  Title                    = {On stationary processes in the plane},
  Author                   = {Peter Whittle},
  Journal                  = {Biometrika},
  Year                     = {1954},
  Number                   = {3/4},
  Pages                    = {434-449},
  Volume                   = {41},

  Owner                    = {hn},
  Timestamp                = {2015.05.10}
}

@Book{wiener49,
  Title                    = {Extrapolation, Interpolation and Smoothing of Stationary Time Series},
  Author                   = {Norbert Wiener},
  Publisher                = {The {MIT} {P}ress},
  Year                     = {1949}
}

@TechReport{williams2007note,
  Title                    = {A note on noise-free {G}aussian process prediction with separable covariance functions and grid designs},
  Author                   = {Williams, C.K.I. and Chai, K.M.A. and Bonilla, E.V.},
  Institution              = {University of Edinburgh},
  Year                     = {2007}
}

@InProceedings{williams96,
  Title                    = {{G}aussian Processes for Regression},
  Author                   = {C.K.I. Williams and C.E. Rasmussen},
  Booktitle                = {NIPS},
  Year                     = {1996}
}

@InProceedings{williams2001,
  Title                    = {Using the {N}ystr\"{o}m Method to Speed Up Kernel Machines},
  Author                   = {C Williams and M Seeger},
  Booktitle                = {Advances in Neural Information Processing Systems},
  Year                     = {2001},
  Pages                    = {682--688},
  Publisher                = {MIT Press}
}

@Article{williams2003stability,
  Title                    = {The stability of kernel principal components analysis and its relation to the process eigenspectrum},
  Author                   = {Williams, CKI and Shawe-Taylor, J},
  Journal                  = {Advances in neural information processing systems},
  Year                     = {2003},
  Pages                    = {383},
  Volume                   = {15}
}

@Article{wilsonsuppnew,
  Title                    = {{G}aussian Process Kernels for Pattern Discovery and Extrapolation Supplementary Material and Code},
  Author                   = {Wilson, A.G. and Adams, R.P.},
  Year                     = {2013},
  Note                     = {\url{http://mlg.eng.cam.ac.uk/andrew/smkernelsupp.pdf}}
}

@PhdThesis{wilson2014thesis,
  Title                    = {Covariance kernels for fast automatic pattern discovery and extrapolation with {G}aussian processes},
  Author                   = {Andrew Gordon Wilson},
  School                   = {University of Cambridge},
  Year                     = {2014}
}

@TechReport{wilson2012,
  Title                    = {A process over all stationary kernels},
  Author                   = {Andrew Gordon Wilson},
  Institution              = {University of Cambridge},
  Year                     = {2012}
}

@Article{wilsonadams2013,
  Title                    = {{G}aussian Process Kernels for Pattern Discovery and Extrapolation},
  Author                   = {Andrew Gordon Wilson and Ryan Prescott Adams},
  Journal                  = {International Conference on Machine Learning (ICML)},
  Year                     = {2013}
}

@InProceedings{wilson12ecmlnectar,
  Title                    = {Modelling Input Dependent Correlations between Multiple Responses},
  Author                   = {Andrew G. Wilson and Zoubin Ghahramani},
  Booktitle                = {Proceedings of ECML PKDD},
  Year                     = {2012},

  Address                  = {Bristol, UK},
  Month                    = {Sept. 24{--}28},
  Note                     = {Nectar Track},
  Publisher                = {Springer}
}

@Article{wilson11,
  Title                    = {In preparation},
  Author                   = {Wilson, Andrew Gordon and Ghahramani, Zoubin},
  Year                     = {2011}
}

@Article{wilson2010uai,
  Title                    = {Generalised {W}ishart processes},
  Author                   = {Andrew G. Wilson and Zoubin Ghahramani},
  Journal                  = {Uncertainty in Artificial Intelligence (UAI)},
  Year                     = {2011},

  Address                  = {Barcelona, Spain},
  Publisher                = {AUAI Press}
}

@InProceedings{wilson2011gwp,
  Title                    = {{Generalised Wishart Processes}},
  Author                   = {Andrew Gordon Wilson and Ghahramani, Z.},
  Booktitle                = {Uncertainty in Artificial Intelligence (UAI)},
  Year                     = {2011}
}

@Article{wilsonsupp,
  Title                    = {Generalised {W}ishart {P}rocesses {S}upplementary {M}aterial},
  Author                   = {Wilson, Andrew Gordon and Ghahramani, Zoubin},
  Year                     = {2011},
  Note                     = {\url{mlg.eng.cam.ac.uk/andrew/gwpsupp.pdf}}
}

@InProceedings{wilson2010,
  Title                    = {Copula Processes},
  Author                   = {Andrew Gordon Wilson and Zoubin Ghahramani},
  Booktitle                = {NIPS},
  Year                     = {2010}
}

@Article{wilson2010gwp,
  Title                    = {{Generalised Wishart Processes}},
  Author                   = {Andrew Gordon Wilson and Ghahramani, Z.},
  Journal                  = {Arxiv preprint arXiv:1101.0240},
  Year                     = {2010}
}

@InProceedings{wilson2010nips,
  Title                    = {Copula Processes},
  Author                   = {Andrew G. Wilson and Zoubin Ghahramani},
  Booktitle                = {Advances in Neural Information Processing Systems 23},
  Year                     = {2010},
  Pages                    = {2460--2468}
}

@InProceedings{wilsonkernel2014,
  Title                    = {Fast Kernel Learning for Multidimensional Pattern Extrapolation},
  Author                   = {Andrew Gordon Wilson and Elad Gilboa and Arye Nehorai and John P. Cunningham},
  Booktitle                = {Advances in Neural Information Processing Systems},
  Year                     = {2014}
}

@InProceedings{wilson12icml,
  Title                    = {{G}aussian process Regression Networks},
  Author                   = {Andrew G. Wilson and David A. Knowles and Zoubin Ghahramani},
  Booktitle                = {International Conference on Machine Learning (ICML)},
  Year                     = {2012},
  Address                  = {Edinburgh}
}

@Article{wilson2011{G}aussian,
  Title                    = {{G}aussian process regression networks},
  Author                   = {Wilson, Andrew Gordon and Knowles, David A and Ghahramani, Zoubin},
  Journal                  = {arXiv preprint arXiv:1110.4411},
  Year                     = {2011}
}

@Article{wilsonnickisch2015,
  Title                    = {Kernel Interpolation for Scalable Structured {G}aussian Processes ({KISS-GP})},
  Author                   = {Andrew Gordon Wilson and Hannes Nickisch},
  Journal                  = {International Conference on Machine Learning (ICML)},
  Year                     = {2015}
}

@Article{wilson2014bayesian,
  Title                    = {Bayesian Inference for {NMR} Spectroscopy with Applications to Chemical Quantification},
  Author                   = {Wilson, Andrew Gordon and Wu, Yuting and Holland, Daniel J and Nowozin, Sebastian and Mantle, Mick D and Gladden, Lynn F and Blake, Andrew},
  Journal                  = {arXiv preprint arXiv:1402.3580},
  Year                     = {2014}
}

@Article{Winn2006,
  Title                    = {{Variational message passing}},
  Author                   = {Winn, J. and Bishop, C. M.},
  Journal                  = {Journal of Machine Learning Research},
  Year                     = {2006},
  Number                   = {1},
  Pages                    = {661},
  Volume                   = {6},

  Keywords                 = {Variational},
  Mendeley-tags            = {Variational},
  Publisher                = {MIT Press}
}

@Article{wood94toepgpsim,
  Title                    = {Simulation of stationary {G}aussian processes in $[0,1]^d$},
  Author                   = {Andrew T. Wood and Grace Chan},
  Journal                  = {Journal of computational and graphical statistics},
  Year                     = {1994},
  Number                   = {4},
  Pages                    = {409--432},
  Volume                   = {3},

  Owner                    = {hn},
  Timestamp                = {2015.05.15}
}

@article{kingma2013,
  title={Auto-encoding variational bayes},
  author={Kingma, Diederik P and Welling, Max},
  journal={arXiv preprint arXiv:1312.6114},
  year={2013}
}

@Article{yang2015carte,
  Title                    = {A la Carte - Learning Fast Kernels},
  Author                   = {Yang, Zichao and Smola, Alexander J and Song, Le and Wilson, Andrew Gordon},
  Journal                  = {Artificial Intelligence and Statistics},
  Year                     = {2015}
}

@InProceedings{yu2009,
  Title                    = {{G}aussian-process factor analysis for low-dimensional single-trial analysis of neural population activity},
  Author                   = {Byron M Yu and John P Cunningham and Gopal Santhanam and Stephen I Ryu and Krishna V Shenoy and Maneesh Sahani},
  Booktitle                = {NIPS},
  Year                     = {2009}
}

@InProceedings{kaiyu2009,
  Title                    = {Large-scale collaborative prediction using a nonparametric random effects model},
  Author                   = {Yu, K. and Lafferty, J. and Zhu, S. and Gong, Y.},
  Booktitle                = {Proceedings of the 26th Annual International Conference on Machine Learning},
  Year                     = {2009},
  Organization             = {ACM},
  Pages                    = {1185--1192}
}

@Article{yuille2006vision,
  Title                    = {Vision as {B}ayesian inference: analysis by synthesis?},
  Author                   = {Yuille, A. and Kersten, D.},
  Journal                  = {Trends in {C}ognitive {S}ciences},
  Year                     = {2006},
  Number                   = {7},
  Pages                    = {301--308},
  Volume                   = {10},

  Publisher                = {Elsevier}
}

@Article{zellner1976,
  Title                    = {{Bayesian and non-Bayesian analysis of the regression model with multivariate Student-t error terms}},
  Author                   = {Zellner, A.},
  Journal                  = {Journal of the American Statistical Association},
  Year                     = {1976},
  Number                   = {354},
  Pages                    = {400--405},
  Volume                   = {71},

  ISSN                     = {0162-1459},
  Publisher                = {JSTOR}
}

@Article{zemel1997,
  Title                    = {Probabilistic interpretation of population codes},
  Author                   = {Zemel, R.S. and Dayan, P. and Pouget, A.},
  Year                     = {1997},

  Publisher                = {MIT Press}
}

@Conference{zhang05toepGP,
  Title                    = {Time-series {G}aussian Process Regression Based on {T}oeplitz Computation of {$O(N^2)$} Operations and {$O(N)$}-level Storage},
  Author                   = {Yunong Zhang and W. E. Leithead and D. J. Leith},
  Booktitle                = {Proceedings of the 44th IEEE Conference on Decision and Control},
  Year                     = {2005},

  Owner                    = {hn},
  Timestamp                = {2015.05.25}
}

@Article{zinzen2009combinatorial,
  Title                    = {Combinatorial binding predicts spatio-temporal cis-regulatory activity},
  Author                   = {Zinzen, R.P. and Girardot, C. and Gagneur, J. and Braun, M. and Furlong, E.E.M.},
  Journal                  = {Nature},
  Year                     = {2009},
  Number                   = {7269},
  Pages                    = {65--70},
  Volume                   = {462},

  Publisher                = {Nature Publishing Group}
}

@Article{zohar69trench,
  Title                    = {Toeplitz matrix inversion: the algorithm of {W. F. Trench}},
  Author                   = {S. Zohar},
  Journal                  = {Journal of the Association for Computing Machinery},
  Year                     = {1969},
  Pages                    = {592--601},
  Volume                   = {16},

  Owner                    = {hn},
  Timestamp                = {2015.05.26}
}

@inproceedings{hensman2015scalable,
  title={Scalable Variational {G}aussian Process Classification},
  author={Hensman, James and Matthews, Alexander and Ghahramani, Zoubin},
  booktitle={Proceedings of the Eighteenth International Conference on Artificial Intelligence and Statistics},
  pages={351--360},
  year={2015}
}

@article{jia2014caffe,
  Author = {Jia, Yangqing and Shelhamer, Evan and Donahue, Jeff and Karayev,
  Sergey and Long, Jonathan and Girshick, Ross and Guadarrama, Sergio and
  Darrell, Trevor},
  Journal = {arXiv preprint arXiv:1408.5093},
  Title = {Caffe: Convolutional Architecture for Fast Feature Embedding},
  Year = {2014}
}

@article{chang2011libsvm,
  title={LIBSVM: a library for support vector machines},
  author={Chang, Chih-Chung and Lin, Chih-Jen},
  journal={ACM Transactions on Intelligent Systems and Technology (TIST)},
  volume={2},
  number={3},
  pages={27},
  year={2011},
  publisher={ACM}
}

@article{elbashir2015kernel,
  title={Kernel Logistic Regression Algorithm for Large-Scale Data Classification},
  author={Elbashir, Murtada and Wang, Jianxin},
  journal={International Arab Journal of Information Technology (IAJIT)},
  volume={12},
  number={5},
  year={2015}
}

@inproceedings{hensman2015mcmc,
  title={{MCMC} for variationally sparse {G}aussian processes},
  author={Hensman, James and Matthews, Alexander G and Filippone, Maurizio and Ghahramani, Zoubin},
  booktitle={Advances in Neural Information Processing Systems},
  pages={1648--1656},
  year={2015}
}

@article{kingma2013auto,
  title={Auto-encoding variational bayes},
  author={Kingma, Diederik P and Welling, Max},
  journal={arXiv preprint arXiv:1312.6114},
  year={2013}
}
@article{bui2015stochastic,
  title={Stochastic Variational Inference for {G}aussian Process Latent Variable Models using Back Constraints},
  author={Bui, Thang D and Turner, Richard E},
  journal={Black Box Learning and Inference NIPS workshop},
  year={2015}
}
@article{dai2015variational,
  title={Variational Auto-encoded Deep {G}aussian Processes},
  author={Dai, Zhenwen and Damianou, Andreas and Gonz{\'a}lez, Javier and Lawrence, Neil},
  journal={arXiv preprint arXiv:1511.06455},
  year={2015}
}
@inproceedings{dezfouli2015scalable,
  title={Scalable Inference for {G}aussian Process Models with Black-Box Likelihoods},
  author={Dezfouli, Amir and Bonilla, Edwin V},
  booktitle={Advances in Neural Information Processing Systems},
  pages={1414--1422},
  year={2015}
}
@article{hernandez2016scalable,
  title={Scalable {G}aussian process classification via expectation propagation},
  author={Hern{\'a}ndez-Lobato, Daniel and Hern{\'a}ndez-Lobato, Jos{\'e} Miguel},
  journal={AISTATS},
  year={2016}
}
<<<<<<< HEAD
=======

>>>>>>> projections
